
@misc{hugh_savoy_fertilizers_2009,
	title = {Fertilizers and {Their} {Use}},
	language = {en},
	author = {Hugh Savoy},
	month = nov,
	year = {2009}
}

@misc{guichon_valves_nitrogen_2020,
	title = {Nitrogen fertilizers – {Manufacturing} process of {Nitrogen} fertilizers},
	url = {http://guichon-valves.com/faqs/nitrogen-fertilizers-manufacturing-process-of-nitrogen-fertilizers/},
	language = {en},
	journal = {Nitrogen fertilizers – Manufacturing process of Nitrogen fertilizers},
	author = {Guichon Valves},
	month = jan,
	year = {2020}
}

@article{modak_haber_2011,
	title = {Haber {Process} for {Ammonia} {Synthesis}},
	language = {en},
	author = {Modak, Jayant M},
	year = {2011},
	pages = {9},
	file = {Modak - 2011 - Haber Process for Ammonia Synthesis.pdf:/home/roberto/Zotero/storage/HGXYMN9U/Modak - 2011 - Haber Process for Ammonia Synthesis.pdf:application/pdf}
}